@book{Oz,
author={Frank Baum},
publisher={George M. Hill Company},
year={1900},
title={The Wonderful Wizard of Oz}
}
@book{R,
author={Julia Silge & David Robinson},
publisher={O'Reilly},
year={2017},
title={Text Mining with R}
}